@article{a1,
Abstract = {Global nations have been extremely pressurised by the rapid spread of the Covid-19 pandemic and where people live. Countries such as China, Italy, and the United States of America have been worst hit by this pandemic. In Africa, South Africa is leading with a high rate of infection. The inhabitants of its informal settlements continue to struggle, as they are unable to comply with the lockdown regulations imposed by the government. This article explores the dificulties faced in South African informal settlements, and subsequently provides a framework of proactive interventions that the government should consider implementing in a meaningful way to limit the spread of Covid-19. The research methodology adopted for this article has been a qualitative inductive content analysis involving a critical literature review of the most recent writings on the strategies implemented in response to the problems of urban pandemics such as Covid-19. The key findings of the study are: rifstly, the urb},
ISSN = {0036-0767},
Journal = {Journal of Public Administration},
Keywords = {housing, Urban planning, Informal settlements, COVID-19, World Health Organisation, pandemics},
Number = {3},
Pages = {283 - 293},
Title = {Covid-19 Pandemic and the Challenges of Informal Settlements in South Africa and Beyond: Theoretical Insights and Practical Interventions.},
Volume = {55},
URL = {https://nwulib.nwu.ac.za/login?url=https://search.ebscohost.com/login.aspx?direct=true&db=edssas&AN=edssas.ejc.jpad.v55.n3.a4&site=eds-live},
Year = {2020},
}